@masterthesis{pwasowski,
	title = {{Układanie wież Hanoi z~wykorzystaniem robota manipulacyjnego IRp-6}},
	author = {Patryk Wąsowski},
	school = {WEiTI},
	year = {2016},
	type = {Bachelor's thesis},
	lang = {pl},
	organization = {IAiIS},
	publisher = {IAiIS}
}

@manual{merapiap,
	title = {{Dokumentacja techniczno-ruchowa robotów IRb-6 i~IRb-60}},
	organization = {{Przemysłowy Instytut Automatyki i~Pomiarów MERA-PIAP}},
	year = {1978},
}





@misc{ROS,
	title={Oficjalna strona systemu {ROS}},
	note={\url{http://ros.org}}}

@unpublished{SROS,
    title= {{SROS}: {S}ecuring {ROS} over the wire, in the graph, and through the kernel},
    author = {White, R. and Quigley, M.},
    year = {2016},
    note= {\url{https://roscon.ros.org/2016/presentations/sros.pdf}}
}

@book{turcja,
 author = {Zetter, K.},
 title = {Countdown to Zero Day: Stuxnet and the Launch of the World's First Digital Weapon},
 year = {2014},
 isbn = {077043617X, 9780770436179},
 publisher = {Crown Publishing Group},
 address = {New York, NY, USA},
} 


@inproceedings{OINS,
    author = {W. Mazurczyk},
    title = {Materiały do wykładu przedmiotu {O}chrona informacji w sieciach},
    organization = {Instytut Telekomunikacji, Wydział Elektroniki i Technik Informacyjnych, PW},
    year = {2017}
}

@techreport{CPS,
    author = {Lee, E. A.},
    title = {Cyber Physical Systems: Design Challenges},
    institution = {EECS Department, University of California, Berkeley},
    year = {2008},
    month = {Jan},
    URL = {http://www2.eecs.berkeley.edu/Pubs/TechRpts/2008/EECS-2008-8.html},
    number = {UCB/EECS-2008-8}
}
